%YAML 1.1
%TAG !u! tag:unity3d.com,2011:
--- !u!1 &1896447587140203936
GameObject:
  m_ObjectHideFlags: 0
  m_CorrespondingSourceObject: {fileID: 0}
  m_PrefabInstance: {fileID: 0}
  m_PrefabAsset: {fileID: 0}
  serializedVersion: 6
  m_Component:
  - component: {fileID: 4582811139282362670}
  - component: {fileID: 6606561142387263739}
  - component: {fileID: 7699593672433161794}
  - component: {fileID: 177557928359357659}
  - component: {fileID: 547187234155405845}
  - component: {fileID: 6434246912894151100}
  - component: {fileID: 1181389777486728493}
  m_Layer: 8
  m_Name: zombie
  m_TagString: ennemie
  m_Icon: {fileID: 0}
  m_NavMeshLayer: 0
  m_StaticEditorFlags: 0
  m_IsActive: 1
--- !u!4 &4582811139282362670
Transform:
  m_ObjectHideFlags: 0
  m_CorrespondingSourceObject: {fileID: 0}
  m_PrefabInstance: {fileID: 0}
  m_PrefabAsset: {fileID: 0}
  m_GameObject: {fileID: 1896447587140203936}
  m_LocalRotation: {x: 0, y: 0, z: 0, w: 1}
  m_LocalPosition: {x: -5.08, y: 4.32, z: 0}
  m_LocalScale: {x: 0.5, y: 0.5, z: 1}
  m_Children:
  - {fileID: 2107228412207310284}
  m_Father: {fileID: 0}
  m_RootOrder: 0
  m_LocalEulerAnglesHint: {x: 0, y: 0, z: 0}
--- !u!212 &6606561142387263739
SpriteRenderer:
  m_ObjectHideFlags: 0
  m_CorrespondingSourceObject: {fileID: 0}
  m_PrefabInstance: {fileID: 0}
  m_PrefabAsset: {fileID: 0}
  m_GameObject: {fileID: 1896447587140203936}
  m_Enabled: 1
  m_CastShadows: 0
  m_ReceiveShadows: 0
  m_DynamicOccludee: 1
  m_MotionVectors: 1
  m_LightProbeUsage: 1
  m_ReflectionProbeUsage: 1
  m_RayTracingMode: 0
  m_RenderingLayerMask: 1
  m_RendererPriority: 0
  m_Materials:
  - {fileID: 2100000, guid: 4e20dbd8fbad77f41b86d067d5d720e4, type: 2}
  m_StaticBatchInfo:
    firstSubMesh: 0
    subMeshCount: 0
  m_StaticBatchRoot: {fileID: 0}
  m_ProbeAnchor: {fileID: 0}
  m_LightProbeVolumeOverride: {fileID: 0}
  m_ScaleInLightmap: 1
  m_ReceiveGI: 1
  m_PreserveUVs: 0
  m_IgnoreNormalsForChartDetection: 0
  m_ImportantGI: 0
  m_StitchLightmapSeams: 1
  m_SelectedEditorRenderState: 0
  m_MinimumChartSize: 4
  m_AutoUVMaxDistance: 0.5
  m_AutoUVMaxAngle: 89
  m_LightmapParameters: {fileID: 0}
  m_SortingLayerID: 0
  m_SortingLayer: 0
  m_SortingOrder: 0
  m_Sprite: {fileID: 21300000, guid: 1b5c6a7f0e8b6ff4c9d42a80add616bc, type: 3}
  m_Color: {r: 1, g: 1, b: 1, a: 1}
  m_FlipX: 0
  m_FlipY: 0
  m_DrawMode: 0
  m_Size: {x: 0.64, y: 0.64}
  m_AdaptiveModeThreshold: 0.5
  m_SpriteTileMode: 0
  m_WasSpriteAssigned: 1
  m_MaskInteraction: 0
  m_SpriteSortPoint: 0
--- !u!61 &7699593672433161794
BoxCollider2D:
  m_ObjectHideFlags: 0
  m_CorrespondingSourceObject: {fileID: 0}
  m_PrefabInstance: {fileID: 0}
  m_PrefabAsset: {fileID: 0}
  m_GameObject: {fileID: 1896447587140203936}
  m_Enabled: 1
  m_Density: 1
  m_Material: {fileID: 0}
  m_IsTrigger: 0
  m_UsedByEffector: 0
  m_UsedByComposite: 1
  m_Offset: {x: -0.05, y: -0.25}
  m_SpriteTilingProperty:
    border: {x: 0, y: 0, z: 0, w: 0}
    pivot: {x: 0.5, y: 0.5}
    oldSize: {x: 2, y: 2}
    newSize: {x: 0.64, y: 0.64}
    adaptiveTilingThreshold: 0.5
    drawMode: 0
    adaptiveTiling: 0
  m_AutoTiling: 0
  serializedVersion: 2
  m_Size: {x: 0.6, y: 1.5}
  m_EdgeRadius: 0
--- !u!50 &177557928359357659
Rigidbody2D:
  serializedVersion: 4
  m_ObjectHideFlags: 0
  m_CorrespondingSourceObject: {fileID: 0}
  m_PrefabInstance: {fileID: 0}
  m_PrefabAsset: {fileID: 0}
  m_GameObject: {fileID: 1896447587140203936}
  m_BodyType: 0
  m_Simulated: 1
  m_UseFullKinematicContacts: 0
  m_UseAutoMass: 0
  m_Mass: 1
  m_LinearDrag: 0
  m_AngularDrag: 0.05
  m_GravityScale: 1
  m_Material: {fileID: 0}
  m_Interpolate: 0
  m_SleepingMode: 1
  m_CollisionDetection: 0
  m_Constraints: 4
--- !u!114 &547187234155405845
MonoBehaviour:
  m_ObjectHideFlags: 0
  m_CorrespondingSourceObject: {fileID: 0}
  m_PrefabInstance: {fileID: 0}
  m_PrefabAsset: {fileID: 0}
  m_GameObject: {fileID: 1896447587140203936}
  m_Enabled: 1
  m_EditorHideFlags: 0
  m_Script: {fileID: 11500000, guid: 87258d5907f9ef24d92568a6796f25dc, type: 3}
  m_Name: 
  m_EditorClassIdentifier: 
  rb: {fileID: 0}
  ground:
    serializedVersion: 2
    m_Bits: 512
  jump:
    serializedVersion: 2
    m_Bits: 1024
  turn:
    serializedVersion: 2
    m_Bits: 16384
  speed: 1.5
  turningValue: 0.55
  frontValue: 1
  isFall: 0
  isBurning: 0
  life: 0
  zombieLeft: {fileID: 21300000, guid: 57fac039a20d7c84ab03d9594e546f2c, type: 3}
  zombieRight: {fileID: 21300000, guid: 1b5c6a7f0e8b6ff4c9d42a80add616bc, type: 3}
  animator: {fileID: 0}
--- !u!114 &6434246912894151100
MonoBehaviour:
  m_ObjectHideFlags: 0
  m_CorrespondingSourceObject: {fileID: 0}
  m_PrefabInstance: {fileID: 0}
  m_PrefabAsset: {fileID: 0}
  m_GameObject: {fileID: 1896447587140203936}
  m_Enabled: 1
  m_EditorHideFlags: 0
  m_Script: {fileID: 11500000, guid: 6919a8c9e8f1ce24abeac216a42dcdc4, type: 3}
  m_Name: 
  m_EditorClassIdentifier: 
  rayon: 0.4
  ennemies:
    serializedVersion: 2
    m_Bits: 256
  isBurning: 0
  bullet:
    serializedVersion: 2
    m_Bits: 2048
--- !u!114 &1181389777486728493
MonoBehaviour:
  m_ObjectHideFlags: 0
  m_CorrespondingSourceObject: {fileID: 0}
  m_PrefabInstance: {fileID: 0}
  m_PrefabAsset: {fileID: 0}
  m_GameObject: {fileID: 1896447587140203936}
  m_Enabled: 1
  m_EditorHideFlags: 0
  m_Script: {fileID: 11500000, guid: 515a761723aa0a94dac25efa67fa2d78, type: 3}
  m_Name: 
  m_EditorClassIdentifier: 
  life: 10
  fire: {fileID: 5961881328732836305}
  deathClip: {fileID: 8300000, guid: d010c92c129bb92458d36e1a99d8ddb8, type: 3}
--- !u!1001 &2338509006825752612
PrefabInstance:
  m_ObjectHideFlags: 0
  serializedVersion: 2
  m_Modification:
    m_TransformParent: {fileID: 4582811139282362670}
    m_Modifications:
    - target: {fileID: 4416461813501963752, guid: e639584ae2a957e48850ff22f286c86e,
        type: 3}
      propertyPath: m_LocalPosition.x
      value: 0
      objectReference: {fileID: 0}
    - target: {fileID: 4416461813501963752, guid: e639584ae2a957e48850ff22f286c86e,
        type: 3}
      propertyPath: m_LocalPosition.y
      value: -0.3
      objectReference: {fileID: 0}
    - target: {fileID: 4416461813501963752, guid: e639584ae2a957e48850ff22f286c86e,
        type: 3}
      propertyPath: m_LocalPosition.z
      value: 0
      objectReference: {fileID: 0}
    - target: {fileID: 4416461813501963752, guid: e639584ae2a957e48850ff22f286c86e,
        type: 3}
      propertyPath: m_LocalRotation.x
      value: 0
      objectReference: {fileID: 0}
    - target: {fileID: 4416461813501963752, guid: e639584ae2a957e48850ff22f286c86e,
        type: 3}
      propertyPath: m_LocalRotation.y
      value: 0.7071068
      objectReference: {fileID: 0}
    - target: {fileID: 4416461813501963752, guid: e639584ae2a957e48850ff22f286c86e,
        type: 3}
      propertyPath: m_LocalRotation.z
      value: 0
      objectReference: {fileID: 0}
    - target: {fileID: 4416461813501963752, guid: e639584ae2a957e48850ff22f286c86e,
        type: 3}
      propertyPath: m_LocalRotation.w
      value: 0.7071068
      objectReference: {fileID: 0}
    - target: {fileID: 4416461813501963752, guid: e639584ae2a957e48850ff22f286c86e,
        type: 3}
      propertyPath: m_RootOrder
      value: 0
      objectReference: {fileID: 0}
    - target: {fileID: 4416461813501963752, guid: e639584ae2a957e48850ff22f286c86e,
        type: 3}
      propertyPath: m_LocalEulerAnglesHint.x
      value: 0
      objectReference: {fileID: 0}
    - target: {fileID: 4416461813501963752, guid: e639584ae2a957e48850ff22f286c86e,
        type: 3}
      propertyPath: m_LocalEulerAnglesHint.y
      value: 90
      objectReference: {fileID: 0}
    - target: {fileID: 4416461813501963752, guid: e639584ae2a957e48850ff22f286c86e,
        type: 3}
      propertyPath: m_LocalEulerAnglesHint.z
      value: 0
      objectReference: {fileID: 0}
    - target: {fileID: 8676156764267677031, guid: e639584ae2a957e48850ff22f286c86e,
        type: 3}
      propertyPath: m_Name
      value: fireEnnemy
      objectReference: {fileID: 0}
    m_RemovedComponents: []
  m_SourcePrefab: {fileID: 100100000, guid: e639584ae2a957e48850ff22f286c86e, type: 3}
--- !u!4 &2107228412207310284 stripped
Transform:
  m_CorrespondingSourceObject: {fileID: 4416461813501963752, guid: e639584ae2a957e48850ff22f286c86e,
    type: 3}
  m_PrefabInstance: {fileID: 2338509006825752612}
  m_PrefabAsset: {fileID: 0}
--- !u!198 &5961881328732836305 stripped
ParticleSystem:
  m_CorrespondingSourceObject: {fileID: 8271097068114745845, guid: e639584ae2a957e48850ff22f286c86e,
    type: 3}
  m_PrefabInstance: {fileID: 2338509006825752612}
  m_PrefabAsset: {fileID: 0}
